@TECHREPORT {Barnes16,
    author      = {Richard Barnes and Jacob Hoffman-Andrews and James Kasten},
    title       = {{Automatic Certificate Management Environment (ACME)}},
    institution = {Internet Engineering Task Force},
    year        = {2016},
    type        = {Internet-Draft},
    month       = {October},
    publisher   = {Internet Engineering Task Force},
    url         = {https://tools.ietf.org/html/draft-ietf-acme-acme-04},
    pagetotal   = {67},
    day         = {31}
}
@INPROCEEDINGS {Merkle87,
    author    = {Merkle, Ralph C.},
    title     = {A Digital Signature Based on a Conventional Encryption Function},
    booktitle = {{A Conference on the Theory and Applications of Cryptographic Techniques on Advances in Cryptology}},
    year      = {1988},
    series    = {CRYPTO '87},
    pages     = {369--378},
    address   = {London, UK, UK},
    publisher = {Springer-Verlag},
    isbn      = {3-540-18796-0},
    numpages  = {10},
    url       = {http://dl.acm.org/citation.cfm?id=646752.704751},
    acmid     = {704751}
}
@ARTICLE {Davarpanah15,
    author    = {Kourosh Davarpanah and Dan Kaufman and Ophelie Pubellier},
    title     = {{NeuCoin: the First Secure, Cost-efficient and Decentralized Cryptocurrency}},
    journal   = {CoRR},
    year      = {2015},
    volume    = {abs/1503.07768},
    url       = {http://arxiv.org/abs/1503.07768},
    timestamp = {Thu, 09 Apr 2015 11:33:20 +0200},
    biburl    = {http://dblp.uni-trier.de/rec/bib/journals/corr/DavarpanahKP15},
    bibsource = {dblp computer science bibliography, http://dblp.org}
}
@MISC {King12,
    author = {Sunny King and Scott Nadal},
    title  = {{PPCoin: Peer-to-Peer Crypto-Currency with Proof-of-Stake}},
    year   = {2012},
    type   = {White Paper},
    biburl = {https://peercoin.net/assets/paper/peercoin-paper.pdf}
}
@MISC {Tendermint15,
    author = {Jae Kwon},
    title  = {{Tendermint GitHub Pages - Merkle Trees}},
    year   = {2015},
    howpublished = {\url{https://github.com/tendermint/tendermint/wiki/Merkle-Trees#iavl-tree}},
    note   = {Accessed: 2017-06-02}
}
@INPROCEEDINGS {Syta16,
  author    = {Ewa Syta and
               Iulia Tamas and
               Dylan Visher and
               David Isaac Wolinsky and
               Philipp Jovanovic and
               Linus Gasser and
               Nicolas Gailly and
               Ismail Khoffi and
               Bryan Ford},
  title     = {Keeping Authorities "Honest or Bust" with Decentralized Witness Cosigning},
  booktitle = {{IEEE} Symposium on Security and Privacy, {SP} 2016, San Jose, CA,
               USA, May 22-26, 2016},
  pages     = {526--545},
  year      = {2016},
  url       = {https://doi.org/10.1109/SP.2016.38},
  doi       = {10.1109/SP.2016.38},
  timestamp = {Fri, 26 May 2017 00:50:07 +0200},
  biburl    = {http://dblp.uni-trier.de/rec/bib/conf/sp/SytaTVWJGGKF16},
  bibsource = {dblp computer science bibliography, http://dblp.org}
}
@ARTICLE {Bentov14,
    author     = {Bentov, Iddo and Lee, Charles and Mizrahi, Alex and Rosenfeld, Meni},
    title      = {{Proof of Activity: Extending Bitcoin's Proof of Work via Proof of Stake}},
    journal    = {SIGMETRICS Perform. Eval. Rev.},
    year       = {2014},
    volume     = {42},
    number     = {3},
    pages      = {34--37},
    month      = {December},
    issue_date = {December 2014},
    issn       = {0163-5999},
    numpages   = {4},
    url        = {http://doi.acm.org/10.1145/2695533.2695545},
    doi        = {10.1145/2695533.2695545},
    acmid      = {2695545},
    publisher  = {ACM},
    address    = {New York, NY, USA}
}
@MISC {Nakamoto08,
    author    = {Nakamoto, Satoshi},
    title     = {{Bitcoin: A Peer-to-Peer Electronic Cash System}},
    month     = {May},
    year      = {2008},
    biburl    = {http://www.bibsonomy.org/bibtex/2974d35fdb27dea57296ed2245556aa18/gizmoguy},
    interhash = {423c2cdff70ba0cd0bca55ebb164d770},
    intrahash = {974d35fdb27dea57296ed2245556aa18},
    keywords  = {bitcoin cash electronic peer privacy},
    timestamp = {2011-11-13T16:57:10.000+0100},
    url       = {http://www.bitcoin.org/bitcoin.pdf}
}
@BOOK {Antonopoulos14,
    author    = {Antonopoulos, Andreas M.},
    title     = {{Mastering Bitcoin: Unlocking Digital Crypto-Currencies}},
    publisher = {O'Reilly Media, Inc.},
    year      = {2014},
    edition   = {1st},
    isbn      = {1449374042, 9781449374044}
}
@INBOOK {Croman16,
    author    = {Croman, Kyle and others},
    title     = {{On Scaling Decentralized Blockchains}},
    publisher = {Springer Berlin Heidelberg},
    year      = {2016},
    address   = {Berlin, Heidelberg},
    booktitle = {{Financial Cryptography and Data Security: FC 2016 International Workshops, BITCOIN, VOTING, and WAHC, Christ Church, Barbados, February 26, 2016, Revised Selected Papers}},
    pages     = {106--125},
    isbn      = {978-3-662-53357-4},
    doi       = {10.1007/978-3-662-53357-4_8},
    url       = {http://dx.doi.org/10.1007/978-3-662-53357-4_8}
}
@MISC {Blockchain17,
    title        = {{Blockchain.info - Blockchain Size}},
    howpublished = {\url{https://blockchain.info/charts/blocks-size}},
    note         = {Accessed: 2017-02-17},
    key          = {{Blockchain.info - Blockchain Size}}
}
@MISC {Statoshi17,
    title        = {{Statoshi - Unspent Transaction Output Set}},
    howpublished = {\url{https://statoshi.info/dashboard/db/unspent-transaction-output-set}},
    note         = {Accessed: 2017-02-17},
    key          = {{Statoshi - Unspent Transaction Output Set}}
}
@MISC {LetsEncrypt17,
    title        = {{Let's Encrypt Stats - Let's Encrypt - Free SSL/TLS Certificates}},
    howpublished = {\url{https://letsencrypt.org/stats/}},
    note         = {Accessed: 2017-02-17},
    key          = {{Let's Encrypt Stats - Let's Encrypt - Free SSL/TLS Certificates}}
}
@MISC {W3Techs17,
    title        = {{W3Techs - Market Share Trends for SSL Certificate Authorities}},
    howpublished = {\url{https://w3techs.com/technologies/history\_overview/ssl\_certificate}},
    note         = {Accessed: 2017-02-17},
    key          = {{W3Techs - Market Share Trends for SSL Certificate Authorities}}
}
@ARTICLE {BIP0037,
    author  = {Mike Hearn},
    title   = {{Connection Bloom filtering}},
    journal = {{Bitcoin Improvement Proposal 37}},
    year    = {2012},
    month   = {October},
    url     = {https://github.com/bitcoin/bips/blob/master/bip-0037.mediawiki}
}
@ARTICLE {BIP100,
    author  = {Jeff Garzi},
    title   = {{Floating block size hard limit}},
    journal = {{Bitcoin Improvement Proposal 100}},
    year    = {2015},
    month   = {June},
    url     = {https://github.com/jgarzik/bip100/blob/master/bip-0100.mediawiki}
}
@ARTICLE {BIP101,
    author  = {Gavin Andresen},
    title   = {{Increase maximum block size}},
    journal = {Bitcoin Improvement Proposal 101},
    year    = {2015},
    month   = {June},
    url     = {https://github.com/bitcoin/bips/blob/master/bip-0101.mediawiki}
}
@ARTICLE {BIP102,
    author  = {Jeff Garzi},
    title   = {{Block size increase to 2MB}},
    journal = {Bitcoin Improvement Proposal 102},
    year    = {2015},
    month   = {June},
    url     = {https://github.com/bitcoin/bips/blob/master/bip-0102.mediawiki}
}
@ARTICLE {BIP103,
    author  = {Pieter Wuille},
    title   = {{Block size following technological growth}},
    journal = {Bitcoin Improvement Proposal 103},
    year    = {2015},
    month   = {July},
    url     = {https://github.com/bitcoin/bips/blob/master/bip-0103.mediawiki}
}
@ARTICLE {Eyal15,
    author    = {Ittay Eyal and Adem Efe Gencer and Emin G{\\"{u}}n Sirer and Robbert van Renesse},
    title     = {{Bitcoin-NG: A Scalable Blockchain Protocol}},
    journal   = {CoRR},
    year      = {2015},
    volume    = {abs/1510.02037},
    url       = {http://arxiv.org/abs/1510.02037},
    timestamp = {Sun, 01 Nov 2015 17:30:45 +0100},
    biburl    = {http://dblp.uni-trier.de/rec/bib/journals/corr/EyalGSR15},
    bibsource = {dblp computer science bibliography, http://dblp.org}
}
@ARTICLE {Kokoris16,
    author    = {Eleftherios Kokoris{-}Kogias and Philipp Jovanovic and Nicolas Gailly and Ismail Khoffi and Linus Gasser and Bryan Ford},
    title     = {{Enhancing Bitcoin Security and Performance with Strong Consistency via Collective Signing}},
    journal   = {CoRR},
    year      = {2016},
    volume    = {abs/1602.06997},
    url       = {http://arxiv.org/abs/1602.06997},
    timestamp = {Tue, 01 Mar 2016 17:47:25 +0100},
    biburl    = {http://dblp.uni-trier.de/rec/bib/journals/corr/Kokoris-KogiasJ16},
    bibsource = {dblp computer science bibliography, http://dblp.org}
}
@TECHREPORT {RFC0883,
    author       = {Paul Mockapetris},
    title        = {{Domain names: Implementation and Specification}},
    institution  = {RFC Editor},
    year         = {1983},
    type         = {RFC},
    number       = {883},
    month        = {November},
    howpublished = {Internet Requests for Comments},
    publisher    = {RFC Editor},
    issn         = {2070-1721}
}
@TECHREPORT {RFC0882,
    author       = {Paul Mockapetris},
    title        = {{Domain names: Concepts and facilities}},
    institution  = {RFC Editor},
    year         = {1983},
    type         = {RFC},
    number       = {882},
    month        = {November},
    howpublished = {Internet Requests for Comments},
    issn         = {2070-1721},
    publisher    = {RFC Editor},
    url          = {http://www.rfc-editor.org/rfc/rfc882.txt}
}
@TECHREPORT {RFC4034,
    author       = {R. Arends and R. Austein and M. Larson and D. Massey and S. Rose},
    title        = {{Resource Records for the DNS Security Extensions}},
    institution  = {RFC Editor},
    year         = {2005},
    type         = {RFC},
    number       = {4034},
    month        = {March},
    howpublished = {Internet Requests for Comments},
    issn         = {2070-1721},
    publisher    = {RFC Editor},
    url          = {http://www.rfc-editor.org/rfc/rfc4034.txt}
}
@TECHREPORT {RFC6698,
    author       = {P. Hoffman and J. Schlyter},
    title        = {{The DNS-Based Authentication of Named Entities (DANE) Transport Layer Security (TLS) Protocol: TLSA}},
    institution  = {RFC Editor},
    year         = {2012},
    type         = {RFC},
    number       = {6698},
    month        = {August},
    howpublished = {Internet Requests for Comments},
    issn         = {2070-1721},
    publisher    = {RFC Editor},
    url          = {http://www.rfc-editor.org/rfc/rfc6698.txt}
}
@ARTICLE {Barnes11,
    author  = {{Richard Barnes}},
    title   = {{DANE: Taking TLS Authentication to the Next Level Using DNSSEC}},
    journal = {{Internet Engineering Task Force (IETF)}},
    year    = {2011},
    volume  = {{Volume 7, Issue 2}},
    month   = {October},
    url     = {http://www.internetsociety.org/publications/ietf-journal-october-2011}
}
@ARTICLE {Ducklin13,
    author  = {{Paul Ducklin}},
    title   = {{The TURKTRUST SSL certificate fiasco – what really happened, and what happens next?}},
    journal = {{Sophos, Naked Security}},
    year    = {2013},
    month   = {January}
}
@ARTICLE {Leyden11,
    author  = {{John Leyden}},
    title   = {{Comodo admits 2 more resellers pwned in SSL cert hack}},
    journal = {{The Register}},
    year    = {2011},
    month   = {March}
}
@ARTICLE {Fox11,
    author  = {{Fox IT}},
    title   = {{DigiNotar Certificate Authority breach ``Operation Black Tulip''}},
    journal = {{Fox IT Interim Report}},
    year    = {2011},
    month   = {September}
}
@MISC {Netcraft16,
    author = {Netcraft},
    title  = {{Netcraft's March 2016 SSL Survey}},
    month  = {March},
    year   = {2016}
}
@INPROCEEDINGS {Kalodner15,
    author    = {Harry A. Kalodner and others},
    title     = {{An Empirical Study of Namecoin and Lessons for Decentralized Namespace Design}},
    booktitle = {14th Annual Workshop on the Economics of Information Security, {WEIS} 2015, Delft, The Netherlands, 22-23 June, 2015},
    year      = {2015},
    url       = {http://www.econinfosec.org/archive/weis2015/papers/WEIS_2015_kalodner.pdf},
    timestamp = {Fri, 13 Jan 2017 12:04:57 +0100},
    biburl    = {http://dblp.uni-trier.de/rec/bib/conf/weis/KalodnerCEBN15},
    bibsource = {dblp computer science bibliography, http://dblp.org}
}
@MISC {Slepak14,
    author = {Greg Slepak},
    year   = {2014},
    month  = {April},
    title  = {{DNSChain + okTurtles: Easy to use, state of the art security, for existing online communications}},
    note   = {Version 1.1.1}
}
@MISC {Matsumoto16,
    author       = {Stephanos Matsumoto and Raphael M. Reischuk},
    title        = {{IKP: Turning a PKI Around with Blockchains}},
    howpublished = {Cryptology ePrint Archive, Report 2016/1018},
    year         = {2016},
    note         = {\url{http://eprint.iacr.org/2016/1018}}
}
@MISC {Mozilla17,
    author       = {Mozilla},
    title        = {{Mozilla Included CA Certificate List}},
    howpublished = {\url{https://wiki.mozilla.org/CA:IncludedCAs}},
    note         = {Accessed: 2017-02-28}
}
@INPROCEEDINGS {Ali16,
    author    = {Muneeb Ali and Jude Nelson and Ryan Shea and Michael J. Freedman},
    title     = {{Blockstack: A Global Naming and Storage System Secured by Blockchains}},
    booktitle = {2016 USENIX Annual Technical Conference (USENIX ATC 16)},
    year      = {2016},
    pages     = {181--194},
    address   = {Denver, CO},
    publisher = {USENIX Association},
    isbn      = {978-1-931971-30-0},
    url       = {https://www.usenix.org/conference/atc16/technical-sessions/presentation/ali}
}
@TECHREPORT {RFC6962,
    author       = {B. Laurie and A. Langley and E. Kasper},
    title        = {{Certificate Transparency}},
    institution  = {RFC Editor},
    year         = {2013},
    type         = {RFC},
    number       = {6962},
    month        = {June},
    howpublished = {Internet Requests for Comments},
    publisher    = {RFC Editor},
    issn         = {2070-1721}
}
@MISC {BitcoinWiki0220,
    title        = {{Bitcoin Wiki - Merged mining specification}},
    howpublished = {\url{https://en.bitcoin.it/wiki/Merged_mining_specification}},
    note         = {Accessed: 2017-02-20},
    key          = {Merged mining specification}
}
@INPROCEEDINGS {Baqer16,
    author    = {Khaled Baqer and
               Danny Yuxing Huang and
               Damon McCoy and
               Nicholas Weaver},
    title     = {Stressing Out: Bitcoin ``Stress Testing''},
    booktitle = {Financial Cryptography and Data Security - {FC} 2016 International
               Workshops, BITCOIN, VOTING, and WAHC, Christ Church, Barbados, February
               26, 2016, Revised Selected Papers},
    pages     = {3--18},
    year      = {2016},
    url       = {http://dx.doi.org/10.1007/978-3-662-53357-4_1},
    doi       = {10.1007/978-3-662-53357-4_1},
    timestamp = {Wed, 31 Aug 2016 11:18:50 +0200},
    biburl    = {http://dblp.uni-trier.de/rec/bib/conf/fc/BaqerHMW16},
    bibsource = {dblp computer science bibliography, http://dblp.org}
}
@BOOK {Ford00,
    author    = {Ford, Warwick and Baum, Michael S.},
    title     = {{Secure Electronic Commerce: Building the Infrastructure for Digital Signatures and Encryption}},
    publisher = {Prentice Hall PTR},
    year      = {2000},
    address   = {Upper Saddle River, NJ, USA},
    edition   = {2nd},
    isbn      = {0130272760}
}
@INPROCEEDINGS {ODwyer14,
    author    = {K. J. O'Dwyer and D. Malone},
    title     = {{Bitcoin mining and its energy footprint}},
    booktitle = {25th IET Irish Signals Systems Conference 2014 and 2014 China-Ireland International Conference on Information and Communications Technologies (ISSC 2014/CIICT 2014)},
    year      = {2014},
    pages     = {280-285},
    month     = {June},
    keywords  = {data mining;electronic money;energy conservation;Ireland;bitcoin concept;bitcoin mining;digital cryptocurrency;electricity consumption;energy cost;energy footprint;monetary transactions;Bitcoin},
    doi       = {10.1049/cp.2014.0699}
}
@TECHREPORT {RFC5280,
    author       = {D. Cooper and S. Santesson and S. Farrell and S. Boeyen and R. Housley and W. Polk},
    title        = {{Internet X.509 Public Key Infrastructure Certificate and Certificate Revocation List (CRL) Profile}},
    institution  = {RFC Editor},
    year         = {2008},
    type         = {RFC},
    number       = {5280},
    month        = {May},
    howpublished = {Internet Requests for Comments},
    issn         = {2070-1721},
    publisher    = {RFC Editor},
    url          = {http://www.rfc-editor.org/rfc/rfc5280.txt}
}
@TECHREPORT {RFC6960,
    author       = {S. Santesson and M. Myers and R. Ankney and A. Malpani and S. Galperin and C. Adams},
    title        = {{X.509 Internet Public Key Infrastructure Online Certificate Status Protocol - OCSP}},
    institution  = {RFC Editor},
    year         = {2013},
    type         = {RFC},
    number       = {6960},
    month        = {June},
    howpublished = {Internet Requests for Comments},
    publisher    = {RFC Editor},
    issn         = {2070-1721},
    url          = {http://www.rfc-editor.org/rfc/rfc6960.txt}
}
@TECHREPORT {RFC7633,
    author       = {P. Hallam-Baker},
    title        = {{X.509v3 Transport Layer Security (TLS) Feature Extension}},
    institution  = {RFC Editor},
    year         = {2015},
    type         = {RFC},
    number       = {7633},
    month        = {October},
    howpublished = {Internet Requests for Comments},
    publisher    = {RFC Editor},
    issn         = {2070-1721}
}
@TECHREPORT {RFC7469,
    author       = {C. Evans, C. Palmer, R. Sleevi},
    title        = {{Public Key Pinning Extension for HTTP}},
    institution  = {RFC Editor},
    year         = {2015},
    type         = {RFC},
    number       = {7469},
    month        = {April},
    howpublished = {Internet Requests for Comments},
    publisher    = {RFC Editor},
    issn         = {2070-1721}
}
@INPROCEEDINGS {Kaskaloglu14,
    title={Near zero Bitcoin transaction fees Cannot last forever},
    author={Kaskaloglu, Kerem},
    booktitle={The International Conference on Digital Security and Forensics (DigitalSec2014)},
    pages={91--99},
    year={2014},
    organization={The Society of Digital Information and Wireless Communication}
}
@TECHREPORT {RFC4880,
    author       = {J. Callas and L. Donnerhacke and H. Finney and D. Shaw and R. Thayer},
    title        = {{OpenPGP Message Format}},
    institution  = {RFC Editor},
    year         = {2007},
    type         = {RFC},
    number       = {4880},
    month        = {November},
    howpublished = {Internet Requests for Comments},
    issn         = {2070-1721},
    publisher    = {RFC Editor},
    url          = {http://www.rfc-editor.org/rfc/rfc4880.txt}
}
@MISC {Kiayias16,
    author       = {Aggelos Kiayias and Alexander Russell and Bernardo David and Roman Oliynykov},
    title        = {{Ouroboros: A Provably Secure Proof-of-Stake Blockchain Protocol}},
    howpublished = {Cryptology ePrint Archive, Report 2016/889},
    year         = {2016},
    note         = {\url{http://eprint.iacr.org/2016/889}}
}
@MISC {Bruce14,
    author       = {J.D Bruce},
    title        = {{The Mini-Blockchain Scheme Rev. 2}},
    howpublished = {Online},
    month        = {July},
    year         = {2014}
}
@ARTICLE {Eyal13,
    author    = {Ittay Eyal and Emin G{\\"{u}}n Sirer},
    title     = {{Majority is not Enough: Bitcoin Mining is Vulnerable}},
    journal   = {CoRR},
    year      = {2013},
    volume    = {abs/1311.0243},
    url       = {http://arxiv.org/abs/1311.0243},
    timestamp = {Tue, 03 Dec 2013 15:04:20 +0100},
    biburl    = {http://dblp.uni-trier.de/rec/bib/journals/corr/EyalS13},
    bibsource = {dblp computer science bibliography, http://dblp.org}
}
@MISC {McConaghy16,
    author = {McConaghy, Trent and Marques, Rodolphe and Müller, Andreas},
    title  = {{BigchainDB: A Scalable Blockchain Database}},
    year   = {2016}
}
@MISC {Wood14,
    author = {Wood, Gavin},
    title  = {{Ethereum: A Secure Decentralised Generalised Transaction Ledger}},
    year   = {2014},
    note   = {EIP-150 Revision}
}
@MISC {Wilkinson14,
    author = {Shawn Wilkinson and others},
    title  = {{Storj - A Peer-to-Peer Cloud Storage Network}},
    year   = {2014}
}
@MISC {Rosenfeld12,
    author    = {Rosenfeld, Meni},
    title     = {{Overview of Colored Coins}},
    year      = {2012},
    publisher = {Bitcoil}
}
@MISC {Coronado05,
    author       = {Carlos Coronado},
    title        = {{On the security and the efficiency of the Merkle signature scheme}},
    howpublished = {Cryptology ePrint Archive, Report 2005/192},
    year         = {2005},
    note         = {\url{http://eprint.iacr.org/2005/192}},
}
@MISC {Stephens11,
    author       = {Jonathan Stephens},
    title        = {{PKI FAQ: What is the maximum number of names that can be included in the SAN extension?}},
    howpublished = {Microsoft TechNet},
    note         = {Rev. 5},
    year         = {2011}
}
@BOOK {Viega02,
    author    = {Viega, Jon and Chandra, Pravir and Messier, Matt},
    title     = {{Network Security with OpenSSL: Cryptography for Secure Communications}},
    year      = {2002},
    isbn      = {059600270X},
    edition   = {1st},
    publisher = {O'Reilly \& Associates, Inc.},
    address   = {Sebastopol, CA, USA},
} 
@ARTICLE {Lamport82,
    author     = {Lamport, Leslie and Shostak, Robert and Pease, Marshall},
    title      = {{The Byzantine Generals Problem}},
    journal    = {ACM Trans. Program. Lang. Syst.},
    issue_date = {July 1982},
    volume     = {4},
    number     = {3},
    month      = {July},
    year       = {1982},
    issn       = {0164-0925},
    pages      = {382--401},
    numpages   = {20},
    url        = {http://doi.acm.org/10.1145/357172.357176},
    doi        = {10.1145/357172.357176},
    acmid      = {357176},
    publisher  = {ACM},
    address    = {New York, NY, USA},
}
@INBOOK {Dahlberg16,
    author    = {Dahlberg, Rasmus and Pulls, Tobias and Peeters, Roel},
    title     = {{Efficient Sparse Merkle Trees}},
    publisher = {Springer International Publishing},
    year      = {2016},
    address   = {Cham},
    booktitle = {Secure IT Systems: 21st Nordic Conference, NordSec 2016, Oulu, Finland, November 2-4, 2016. Proceedings},
    pages     = {199--215},
    isbn      = {978-3-319-47560-8},
    doi       = {10.1007/978-3-319-47560-8_13},
    url       = {http://dx.doi.org/10.1007/978-3-319-47560-8_13}
}
@ARTICLE {Brown10,
    author  = {Daniel R. L. Brown},
    title   = {{SEC 2: Recommended Elliptic Curve Domain Parameters}},
    journal = {{Standard for Efficient Cryptography}},
    year    = {2010},
    month   = {January},
    note    = {Ver. 2.0}
}
@TECHREPORT {Jivsov14,
    author       = {A. Jivsov},
    title        = {{Compact representation of an elliptic curve point}},
    institution  = {Symantec},
    year         = {2014},
    type         = {Internet Draft},
    month        = {June},
    howpublished = {Internet Engineering Task Force},
    publisher    = {Internet Engineering Task Force},
    url          = {https://tools.ietf.org/html/draft-jivsov-ecc-compact-05}
}
@INBOOK {Boneh01,
    author       = {Boneh, Dan and Lynn, Ben and Shacham, Hovav},
    title        = {{Short Signatures from the Weil Pairing}},
    bookTitle    = {Advances in Cryptology --- ASIACRYPT 2001: 7th International Conference on the Theory and Application of Cryptology and Information Security Gold Coast, Australia, December 9--13, 2001 Proceedings},
    year         = {2001},
    publisher    = {Springer Berlin Heidelberg},
    address      = {Berlin, Heidelberg},
    pages        = {514--532},
    isbn         = {978-3-540-45682-7},
    doi          = {10.1007/3-540-45682-1_30},
    url          = {http://dx.doi.org/10.1007/3-540-45682-1_30}
}
@MISC {VeriSign16,
    author       = {VeriSign},
    title        = {{The Domain Name Industry Brief}},
    howpublished = {Press Release},
    note         = {{Volume 14, Issue 1}},
    year         = {2016}
}
@INPROCEEDINGS {Basin14,
    author = {Basin, David and Cremers, Cas and Kim, Tiffany Hyun-Jin and Perrig, Adrian and Sasse, Ralf and Szalachowski, Pawel},
    title = {{ARPKI: Attack Resilient Public-Key Infrastructure}},
    booktitle = {Proceedings of the 2014 ACM SIGSAC Conference on Computer and Communications Security},
    series = {CCS '14},
    year = {2014},
    isbn = {978-1-4503-2957-6},
    location = {Scottsdale, Arizona, USA},
    pages = {382--393},
    numpages = {12},
    url = {http://doi.acm.org/10.1145/2660267.2660298},
    doi = {10.1145/2660267.2660298},
    acmid = {2660298},
    publisher = {ACM},
    address = {New York, NY, USA},
} 
@INPROCEEDINGS {Kim13,
    author = {Kim, Tiffany Hyun-Jin and Huang, Lin-Shung and Perrig, Adrian and Jackson, Collin and Gligor, Virgil},
    title = {{Accountable Key Infrastructure (AKI): A Proposal for a Public-key Validation Infrastructure}},
    booktitle = {Proceedings of the 22Nd International Conference on World Wide Web},
    series = {WWW '13},
    year = {2013},
    isbn = {978-1-4503-2035-1},
    location = {Rio de Janeiro, Brazil},
    pages = {679--690},
    numpages = {12},
    url = {http://doi.acm.org/10.1145/2488388.2488448},
    doi = {10.1145/2488388.2488448},
    acmid = {2488448},
    publisher = {ACM},
    address = {New York, NY, USA},
} 
@ARTICLE {Yu14,
    author    = {Jiangshan Yu and Vincent Cheval and Mark Ryan},
    title     = {{DTKI: a new formalized PKI with no trusted parties}},
    journal   = {CoRR},
    volume    = {abs/1408.1023},
    year      = {2014},
    url       = {http://arxiv.org/abs/1408.1023},
    timestamp = {Fri, 12 Sep 2014 12:44:21 +0200},
    biburl    = {http://dblp.uni-trier.de/rec/bib/journals/corr/YuCR14},
    bibsource = {dblp computer science bibliography, http://dblp.org}
}
@ARTICLE {Shamir79,
    author     = {Shamir, Adi},
    title      = {How to Share a Secret},
    journal    = {Commun. ACM},
    issue_date = {Nov. 1979},
    volume     = {22},
    number     = {11},
    month      = nov,
    year       = {1979},
    issn       = {0001-0782},
    pages      = {612--613},
    numpages   = {2},
    url        = {http://doi.acm.org/10.1145/359168.359176},
    doi        = {10.1145/359168.359176},
    acmid      = {359176},
    publisher  = {ACM},
    address    = {New York, NY, USA},
    keywords   = {cryptography, interpolation, key management},
} 

@INBOOK {Boneh11,
    author="Boneh, Dan",
    title="Schnorr Digital Signature Scheme",
    bookTitle="Encyclopedia of Cryptography and Security",
    year="2011",
    publisher="Springer US",
    address="Boston, MA",
    pages="1082--1083",
    isbn="978-1-4419-5906-5",
    doi="10.1007/978-1-4419-5906-5_154",
    url="http://dx.doi.org/10.1007/978-1-4419-5906-5_154"
}
@MISC {Lantmateriet16,
    key       = {Framtidens husköp i blockkedjan},
    title     = {{Framtidens husköp i blockkedjan - Ett utvecklingsprojekt med Lantmäteriet, Telia Company, Chromaway och Kairos Future}},
    year      = {2016},
    publisher = {Lantmäteriet}
}
@MISC {Infosys16,
    key       = {Blockchain Technology and the Financial Services Market},
    title     = {{Blockchain Technology and the Financial Services Market - State-of-the-Art Analysis}},
    year      = {2016},
    publisher = {Infosys Limited}
}

@MISC {Mizrahi17,
    author    = {Alex Mizrahi},
    title     = {{A blockchain­based property ownership recording system}},
    year      = {2017},
    note      = {Accessed: 2017-05-10},
    publisher = {ChromaWay}
}